@article{kember2004interpreting,
  title={Interpreting student workload and the factors which shape students' perceptions of their workload},
  author={Kember*, David},
  journal={Studies in higher education},
  volume={29},
  number={2},
  pages={165--184},
  year={2004},
  publisher={Taylor \& Francis Ltd}
};
@article{bowyer2012model,
  title={A model of student workload},
  author={Bowyer, Kyle},
  journal={Journal of Higher Education Policy and Management},
  volume={34},
  number={3},
  pages={239--258},
  year={2012},
  publisher={Taylor \& Francis}
};
@article{ruiz2011assessing,
  title={Assessing student workload in Problem Based Learning: Relationships among teaching method, student workload and achievement. A case study in Natural Sciences},
  author={Ruiz-Gallardo, Jos{\'e}-Reyes and Casta{\~n}o, Santiago and G{\'o}mez-Alday, Juan J and Vald{\'e}s, Arturo},
  journal={Teaching and Teacher Education},
  volume={27},
  number={3},
  pages={619--627},
  year={2011},
  publisher={Elsevier}
};
@article{kyndt2014time,
  title={‘Time is not enough.’Workload in higher education: A student perspective},
  author={Kyndt, Eva and Berghmans, Inneke and Dochy, Filip and Bulckens, Lydwin},
  journal={Higher Education Research \& Development},
  volume={33},
  number={4},
  pages={684--698},
  year={2014},
  publisher={Taylor \& Francis}
};
@misc{ark20158ways,
  author = {Ark, Tom Vander},
  title = {8 Ways Machine Learning Will Improve Education},
  year = {2015},
  url = {http://www.gettingsmart.com/2015/11/8-ways-machine-learning-will-improve-education/}
};
@article{kyndt2011perception,
  title={The perception of workload and task complexity and its influence on students’ approaches to learning: A study in higher education},
  author={Kyndt, Eva and Dochy, Filip and Struyven, Katrien and Cascallar, Eduardo},
  journal={European journal of psychology of education},
  volume={26},
  number={3},
  pages={393--415},
  year={2011},
  publisher={Springer}
};
@article{kingsland1996time,
  title={Time expenditure, workload, and student satisfaction in problem-based learning},
  author={Kingsland, Arthur J},
  journal={New Directions for Teaching and Learning},
  volume={1996},
  number={68},
  pages={73--81},
  year={1996},
  publisher={Wiley Online Library}
};
@article{lizzio2002university,
  title={University students' perceptions of the learning environment and academic outcomes: implications for theory and practice},
  author={Lizzio, Alf and Wilson, Keithia and Simons, Roland},
  journal={Studies in Higher education},
  volume={27},
  number={1},
  pages={27--52},
  year={2002},
  publisher={Taylor \& Francis Group}
};
@inproceedings{reisslein2007active,
  title={Active and cooperative learning in a freshman digital design course: impact on persistence in engineering and student motivational orientation},
  author={Reisslein, Martin and Tylavsky, Daniel and Matar, Bassam and Seeling, Patrick and Reisslein, Jana},
  booktitle={Frontiers In Education Conference-Global Engineering: Knowledge Without Borders, Opportunities Without Passports, 2007. FIE'07. 37th Annual},
  pages={S4A--1},
  year={2007},
  organization={IEEE}
};
@article{solomon1998qualitative,
  title={A qualitative study identifying stressors associated with adapting to problem-based learning},
  author={Solomon, Patricia and Finch, Elspeth},
  journal={Teaching and learning in Medicine},
  volume={10},
  number={2},
  pages={58--64},
  year={1998},
  publisher={Taylor \& Francis}
};
@article{greenwald1997no,
  title={No pain, no gain? The importance of measuring course workload in student ratings of instruction.},
  author={Greenwald, Anthony G and Gillmore, Gerald M},
  journal={Journal of Educational Psychology},
  volume={89},
  number={4},
  pages={743},
  year={1997},
  publisher={American Psychological Association}
};
@article{lawless2000using,
  title={Using learning activities in mathematics: workload and study time},
  author={Lawless, Clive},
  journal={Studies in higher education},
  volume={25},
  number={1},
  pages={97--111},
  year={2000},
  publisher={Taylor \& Francis}
};
@article{zuriff2003method,
  title={A method for measuring student study time and preliminary results},
  author={Zuriff, Gerald E},
  journal={College Student Journal},
  volume={37},
  number={1},
  pages={72--79},
  year={2003},
  publisher={Project Innovation (Alabama)}
};
@article{chambers1992work,
  title={Work-load and the quality of student learning},
  author={Chambers, Ellie},
  journal={Studies in Higher Education},
  volume={17},
  number={2},
  pages={141--153},
  year={1992},
  publisher={Taylor \& Francis Group}
};
@article{garg2010preliminary,
  title={A preliminary study of student workload for IGNOU Physics elective courses},
  author={Garg, Suresh and Panda, Santosh and others},
  journal={Indian Journal of Open Learning (ISSN: 0971-2690)},
  volume={1},
  number={2},
  pages={19--26},
  year={2010}
};
@article{garg2010preliminary,
  title={A preliminary study of student workload for IGNOU Physics elective courses},
  author={Garg, Suresh and Panda, Santosh and others},
  journal={Indian Journal of Open Learning (ISSN: 0971-2690)},
  volume={1},
  number={2},
  pages={19--26},
  year={2010}
};
@book{lockwood1994materials,
  title={Materials Production in Open and Distance Learning.},
  author={Lockwood, Fred},
  year={1994},
  publisher={ERIC}
};
@misc{massey2016workload,
  author = {{Massey University}},
  title = {Workload Planning Tool},
  year = {2016},
  publisher = {Retrieved from http://www.massey.ac.nz/ massey/learning/distance-learning/workload-planning-tool.cfm}
};
@misc{ricecourse,
  author = {{Rice University Center for Teaching Excellence}},
  title = {Course Workload Estimator},
  url = {http://cte.rice.edu/workload/}
};
@misc{open2016jisc,
  author = {{The Open University Institute of Educational Technology}},
  title = {Jisc Student Workload},
  year = {2015},
  url = {https://github.com/IET-OU/jisc-workload}
};
